@article{sezer2020financial,
  title={Financial time series forecasting with deep learning: A systematic literature review: 2005--2019},
  author={Sezer, Omer Berat and Gudelek, M Ugur and Ozbayoglu, Ahmet Murat},
  journal={Applied Soft Computing},
  pages={106181},
  year={2020},
  publisher={Elsevier}
}

@article{greff2016lstm,
  title={LSTM: A search space odyssey},
  author={Greff, Klaus and Srivastava, Rupesh K and Koutn{\'\i}k, Jan and Steunebrink, Bas R and Schmidhuber, J{\"u}rgen},
  journal={IEEE transactions on neural networks and learning systems},
  volume={28},
  number={10},
  pages={2222--2232},
  year={2016},
  publisher={IEEE}
}

@article{bengio1994learning,
  title={Learning long-term dependencies with gradient descent is difficult},
  author={Bengio, Yoshua and Simard, Patrice and Frasconi, Paolo},
  journal={IEEE transactions on neural networks},
  volume={5},
  number={2},
  pages={157--166},
  year={1994},
  publisher={IEEE}
}

@inproceedings{jozefowicz2015empirical,
  title={An empirical exploration of recurrent network architectures},
  author={Jozefowicz, Rafal and Zaremba, Wojciech and Sutskever, Ilya},
  booktitle={International conference on machine learning},
  pages={2342--2350},
  year={2015}
}

@article{shah2019stock,
  title={Stock Market Analysis: A Review and Taxonomy of Prediction Techniques},
  author={Shah, Dev and Isah, Haruna and Zulkernine, Farhana},
  journal={International Journal of Financial Studies},
  volume={7},
  number={2},
  pages={26},
  year={2019},
  publisher={Multidisciplinary Digital Publishing Institute}
}

@article{brooks1998chaos,
  title={Chaos in foreign exchange markets: a sceptical view},
  author={Brooks, Chris},
  journal={Computational economics},
  volume={11},
  number={3},
  pages={265--281},
  year={1998},
  publisher={Springer}
}

@misc{businessinsiderwarrenbuffet,
    title={Here's What Warren Buffet Thinks About The Efficient Market Hypothesis},
    author={Warren Buffet},
    url={https://www.businessinsider.com/warren-buffett-on-efficient-market-hypothesis-2010-12}
}

@article{hochreiter1997long,
  title={Long short-term memory},
  author={Hochreiter, Sepp and Schmidhuber, J{\"u}rgen},
  journal={Neural computation},
  volume={9},
  number={8},
  pages={1735--1780},
  year={1997},
  publisher={MIT Press}
}